<record><leader>00000cas a2200000 a 4500</leader><controlfield tag="001">44619758</controlfield><controlfield tag="008">000720d2000200ufluwr ne      0   a0eng c</controlfield><datafield ind1=" " ind2=" " tag="010"><subfield code="a">   00215601 </subfield></datafield><datafield ind1=" " ind2=" " tag="040"><subfield code="a">NSD</subfield><subfield code="b">eng</subfield><subfield code="c">NSD</subfield><subfield code="d">DLC</subfield><subfield code="d">OCLCQ</subfield><subfield code="d">DLC</subfield><subfield code="d">OCLCQ</subfield><subfield code="d">OCLCF</subfield><subfield code="d">DLC</subfield></datafield><datafield ind1=" " ind2=" " tag="012"><subfield code="m">y</subfield></datafield><datafield ind1="0" ind2=" " tag="022"><subfield code="a">1531-0477</subfield><subfield code="l">1531-0477</subfield><subfield code="y">0745-9971</subfield><subfield code="2">1</subfield></datafield><datafield ind1=" " ind2=" " tag="032"><subfield code="a">024020</subfield><subfield code="b">USPS</subfield></datafield><datafield ind1="0" ind2=" " tag="041"><subfield code="a">eng</subfield><subfield code="a">fin</subfield></datafield><datafield ind1=" " ind2=" " tag="042"><subfield code="a">nsdp</subfield><subfield code="a">pcc</subfield></datafield><datafield ind1=" " ind2=" " tag="043"><subfield code="a">n-us-fl</subfield></datafield><datafield ind1="0" ind2="0" tag="050"><subfield code="a">Newspaper</subfield></datafield><datafield ind1="1" ind2="0" tag="082"><subfield code="a">058</subfield><subfield code="2">13</subfield></datafield><datafield ind1="0" ind2=" " tag="210"><subfield code="a">Finn. update</subfield></datafield><datafield ind1=" " ind2="4" tag="222"><subfield code="a">The Finnish update</subfield></datafield><datafield ind1="0" ind2="4" tag="245"><subfield code="a">The Finnish update.</subfield></datafield><datafield ind1="1" ind2="3" tag="246"><subfield code="a">Pohjois-Amerikan uutiset</subfield></datafield><datafield ind1=" " ind2=" " tag="260"><subfield code="a">Lantana, FL :</subfield><subfield code="b">American Uutiset, Inc.,</subfield><subfield code="c">2000-</subfield></datafield><datafield ind1=" " ind2=" " tag="300"><subfield code="a">v.</subfield></datafield><datafield ind1=" " ind2=" " tag="310"><subfield code="a">Weekly</subfield></datafield><datafield ind1="0" ind2=" " tag="362"><subfield code="a">Vol. 1, no. 1 (June 22, 2000)-</subfield></datafield><datafield ind1="1" ind2=" " tag="362"><subfield code="a">Ceased in 2001?</subfield></datafield><datafield ind1=" " ind2=" " tag="546"><subfield code="a">In English and Finnish.</subfield></datafield><datafield ind1=" " ind2=" " tag="588"><subfield code="a">Latest issue consulted: Vol. 2, no. 29-30 (Aug. 17-24, 2001).</subfield></datafield><datafield ind1=" " ind2="0" tag="650"><subfield code="a">Finns</subfield><subfield code="z">United States</subfield><subfield code="v">Newspapers.</subfield></datafield><datafield ind1=" " ind2="0" tag="651"><subfield code="a">Lantana (Fla.)</subfield><subfield code="v">Newspapers.</subfield></datafield><datafield ind1=" " ind2="7" tag="650"><subfield code="a">Finns.</subfield><subfield code="2">fast</subfield><subfield code="0">(OCoLC)fst00925139</subfield></datafield><datafield ind1=" " ind2="7" tag="651"><subfield code="a">Florida</subfield><subfield code="z">Lantana.</subfield><subfield code="2">fast</subfield><subfield code="0">(OCoLC)fst01215352</subfield></datafield><datafield ind1=" " ind2="7" tag="651"><subfield code="a">United States.</subfield><subfield code="2">fast</subfield><subfield code="0">(OCoLC)fst01204155</subfield></datafield><datafield ind1=" " ind2="7" tag="655"><subfield code="a">Newspapers.</subfield><subfield code="2">fast</subfield><subfield code="0">(OCoLC)fst01423814</subfield></datafield><datafield ind1=" " ind2=" " tag="752"><subfield code="a">United States</subfield><subfield code="b">Florida</subfield><subfield code="c">Palm Beach</subfield><subfield code="d">Lantana.</subfield></datafield><datafield ind1="0" ind2="0" tag="780"><subfield code="t">Amerikan uutiset</subfield><subfield code="x">0745-9971</subfield><subfield code="w">(DLC)sn 83007892</subfield><subfield code="w">(OCoLC)1480959</subfield></datafield><datafield ind1="0" ind2="0" tag="785"><subfield code="t">Pohjois-Amerikan uutiset</subfield><subfield code="w">(DLC)sn2003058005</subfield><subfield code="w">(OCoLC)51737632</subfield></datafield><datafield ind1="1" ind2=" " tag="029"><subfield code="a">AU@</subfield><subfield code="b">000021675449</subfield></datafield></record>